<?xml version="1.0" encoding="UTF-8"?><collection xmlns="http://www.loc.gov/MARC21/slim"><record><leader>00600nam--2200181-i-4500</leader><controlfield tag="001">000043986</controlfield><controlfield tag="002">20161230</controlfield><controlfield tag="005">20161230201044</controlfield><controlfield tag="008">060222s1000------------r-----000-0-fre-d</controlfield><datafield ind1=" " ind2=" " tag="040"><subfield code="a">IFIN-HH</subfield></datafield><datafield ind1=" " ind2=" " tag="041"><subfield code="a">fre</subfield></datafield><datafield ind1=" " ind2=" " tag="080"><subfield code="a">531.5:550.312:531.133.1(043)</subfield></datafield><datafield ind1="1" ind2=" " tag="100"><subfield code="a">Teyssandier, Pierre</subfield></datafield><datafield ind1="1" ind2="0" tag="245"><subfield code="a">Champ des masses a symetrie axiale en rotation. application a l`etude de la precession d`un gyroscope en relativite generale</subfield><subfield code="b">These</subfield><subfield code="c">Pierre teyssandier</subfield></datafield><datafield ind1=" " ind2=" " tag="260"><subfield code="a">Paris</subfield><subfield code="b">Universite Pierre Et Marie Curie, Paris, 6</subfield><subfield code="c">1976</subfield></datafield><datafield ind1=" " ind2=" " tag="300"><subfield code="a">122P</subfield></datafield><datafield ind1=" " ind2=" " tag="852"><subfield code="a">46394</subfield><subfield code="c">531</subfield></datafield><datafield ind1=" " ind2=" " tag="CAT"><subfield code="a">Sys</subfield><subfield code="c">20110113</subfield><subfield code="h">120222</subfield></datafield></record></collection>